%%%% Created using Papers on Mon, 06 Jul 2015.
%%%% http://papersapp.com/papers/

@article{Kasolo:2013bg,
author = {Kasolo, Francis and Yoti, Zabulon and Bakyaita, Nathan and Gaturuku, Peter and Katz, Rebecca and Fischer, Julie E and Perry, Helen N},
title = {{IDSR as a Platform for Implementing IHR in African Countries}},
journal = {Biosecurity and Bioterrorism: Biodefense Strategy, Practice, and Science},
year = {2013},
volume = {11},
number = {3},
pages = {163}
}
